<record><leader>00000cas a2200000 a 4500</leader><controlfield tag="001">17544268</controlfield><controlfield tag="008">880226d1934193uwaudn ner     0    0eng d</controlfield><datafield ind1=" " ind2=" " tag="010"><subfield code="a">sn 88085539 </subfield></datafield><datafield ind1=" " ind2=" " tag="040"><subfield code="a">SLZ</subfield><subfield code="b">eng</subfield><subfield code="c">SLZ</subfield><subfield code="d">OCL</subfield><subfield code="d">OCLCQ</subfield><subfield code="d">OCLCF</subfield><subfield code="d">OCLCO</subfield></datafield><datafield ind1="1" ind2=" " tag="029"><subfield code="a">AU@</subfield><subfield code="b">000020503612</subfield></datafield><datafield ind1=" " ind2=" " tag="042"><subfield code="a">msc</subfield></datafield><datafield ind1=" " ind2=" " tag="043"><subfield code="a">n-us-wa</subfield></datafield><datafield ind1="0" ind2="0" tag="245"><subfield code="a">Grand Coulee daily booster.</subfield></datafield><datafield ind1=" " ind2=" " tag="260"><subfield code="a">Grand Coulee, Wash. :</subfield><subfield code="b">Daily Booster</subfield></datafield><datafield ind1=" " ind2=" " tag="300"><subfield code="a">v.</subfield></datafield><datafield ind1=" " ind2=" " tag="310"><subfield code="a">Daily (except Sunday and holidays)</subfield></datafield><datafield ind1="1" ind2=" " tag="362"><subfield code="a">Began with Nov. 18, 1933 issue.</subfield></datafield><datafield ind1=" " ind2=" " tag="588"><subfield code="a">Description based on: Vol. 1, no. 128 (Apr. 20, 1934).</subfield></datafield><datafield ind1=" " ind2="0" tag="651"><subfield code="a">Grand Coulee (Wash.)</subfield><subfield code="v">Newspapers.</subfield></datafield><datafield ind1=" " ind2="0" tag="651"><subfield code="a">Coulee Dam (Wash.)</subfield><subfield code="v">Newspapers.</subfield></datafield><datafield ind1=" " ind2="7" tag="655"><subfield code="a">Newspapers.</subfield><subfield code="2">fast</subfield><subfield code="0">(OCoLC)fst01423814</subfield></datafield><datafield ind1=" " ind2="7" tag="651"><subfield code="a">Washington (State)</subfield><subfield code="z">Coulee Dam.</subfield><subfield code="2">fast</subfield><subfield code="0">(OCoLC)fst01306056</subfield></datafield><datafield ind1=" " ind2="7" tag="651"><subfield code="a">Washington (State)</subfield><subfield code="z">Grand Coulee.</subfield><subfield code="2">fast</subfield><subfield code="0">(OCoLC)fst01227552</subfield></datafield><datafield ind1=" " ind2=" " tag="752"><subfield code="a">United States</subfield><subfield code="b">Washington</subfield><subfield code="c">Grant</subfield><subfield code="d">Grand Coulee.</subfield></datafield><datafield ind1=" " ind2=" " tag="752"><subfield code="a">United States</subfield><subfield code="b">Washington</subfield><subfield code="c">Grant</subfield><subfield code="d">Coulee Dam.</subfield></datafield><datafield ind1="0" ind2="0" tag="785"><subfield code="t">Grand Coulee daily times</subfield><subfield code="w">(DLC)sn 88085541</subfield></datafield></record>